<?xml version="1.0" encoding="UTF-8"?><collection xmlns="http://www.loc.gov/MARC21/slim"><record><leader>00412nam--2200133-i-4500</leader><controlfield tag="001">000045635</controlfield><controlfield tag="002">20161230</controlfield><controlfield tag="005">20161230201045</controlfield><controlfield tag="008">060222s1000------------r-----000-0-eng-d</controlfield><datafield ind1=" " ind2=" " tag="100"><subfield code="a">Ugrinic, G.M., Swanson, H.E. And Gilfrich, N.T</subfield></datafield><datafield ind1=" " ind2=" " tag="245"><subfield code="a">Standard x-ray diffraction powder patterns</subfield></datafield><datafield ind1=" " ind2=" " tag="260"><subfield code="a">Washington, U.S.Dept. Of Commerce, 1955, 75p</subfield></datafield><datafield ind1=" " ind2=" " tag="490"><subfield code="a">National Bureau Of Standards Circular 539</subfield></datafield><datafield ind1=" " ind2=" " tag="852"><subfield code="a">12631</subfield></datafield></record></collection>